%YAML 1.1
%TAG !u! tag:unity3d.com,2011:
--- !u!1 &183362
GameObject:
  m_ObjectHideFlags: 0
  m_PrefabParentObject: {fileID: 0}
  m_PrefabInternal: {fileID: 100100000}
  serializedVersion: 4
  m_Component:
  - 4: {fileID: 432520}
  - 61: {fileID: 6192136}
  - 114: {fileID: 11402106}
  - 50: {fileID: 5084144}
  m_Layer: 9
  m_Name: SpawnF
  m_TagString: Untagged
  m_Icon: {fileID: 0}
  m_NavMeshLayer: 0
  m_StaticEditorFlags: 0
  m_IsActive: 1
--- !u!4 &432520
Transform:
  m_ObjectHideFlags: 1
  m_PrefabParentObject: {fileID: 0}
  m_PrefabInternal: {fileID: 100100000}
  m_GameObject: {fileID: 183362}
  m_LocalRotation: {x: 0, y: 0, z: 0, w: 1}
  m_LocalPosition: {x: 20, y: -2.07999992, z: 10}
  m_LocalScale: {x: 1, y: 1, z: 1}
  m_Children: []
  m_Father: {fileID: 0}
  m_RootOrder: 0
--- !u!50 &5084144
Rigidbody2D:
  m_ObjectHideFlags: 1
  m_PrefabParentObject: {fileID: 0}
  m_PrefabInternal: {fileID: 100100000}
  m_GameObject: {fileID: 183362}
  m_Mass: 1
  m_LinearDrag: 0
  m_AngularDrag: .0500000007
  m_GravityScale: 0
  m_FixedAngle: 0
  m_IsKinematic: 1
  m_Interpolate: 0
  m_SleepingMode: 1
  m_CollisionDetection: 0
--- !u!61 &6192136
BoxCollider2D:
  m_ObjectHideFlags: 1
  m_PrefabParentObject: {fileID: 0}
  m_PrefabInternal: {fileID: 100100000}
  m_GameObject: {fileID: 183362}
  m_Enabled: 1
  m_Material: {fileID: 0}
  m_IsTrigger: 1
  m_UsedByEffector: 0
  m_Offset: {x: 0, y: 0}
  serializedVersion: 2
  m_Size: {x: 1, y: 1}
--- !u!114 &11402106
MonoBehaviour:
  m_ObjectHideFlags: 1
  m_PrefabParentObject: {fileID: 0}
  m_PrefabInternal: {fileID: 100100000}
  m_GameObject: {fileID: 183362}
  m_Enabled: 1
  m_EditorHideFlags: 0
  m_Script: {fileID: 11500000, guid: 669b022f8c21b3142a1b1ac064e509f1, type: 3}
  m_Name: 
  m_EditorClassIdentifier: 
  obj:
  - {fileID: 158004, guid: 6ffabbcc9b6b393498fd5a51f078e26e, type: 2}
  - {fileID: 158004, guid: 6ffabbcc9b6b393498fd5a51f078e26e, type: 2}
  - {fileID: 158004, guid: 6ffabbcc9b6b393498fd5a51f078e26e, type: 2}
  - {fileID: 158004, guid: 6ffabbcc9b6b393498fd5a51f078e26e, type: 2}
  - {fileID: 158004, guid: 6ffabbcc9b6b393498fd5a51f078e26e, type: 2}
  - {fileID: 158004, guid: 6ffabbcc9b6b393498fd5a51f078e26e, type: 2}
  - {fileID: 158004, guid: 6ffabbcc9b6b393498fd5a51f078e26e, type: 2}
  - {fileID: 158004, guid: 6ffabbcc9b6b393498fd5a51f078e26e, type: 2}
  - {fileID: 158004, guid: 6ffabbcc9b6b393498fd5a51f078e26e, type: 2}
  - {fileID: 158004, guid: 6ffabbcc9b6b393498fd5a51f078e26e, type: 2}
  - {fileID: 158004, guid: 6ffabbcc9b6b393498fd5a51f078e26e, type: 2}
  - {fileID: 158004, guid: 6ffabbcc9b6b393498fd5a51f078e26e, type: 2}
  - {fileID: 158004, guid: 6ffabbcc9b6b393498fd5a51f078e26e, type: 2}
  - {fileID: 158004, guid: 6ffabbcc9b6b393498fd5a51f078e26e, type: 2}
  - {fileID: 158004, guid: 6ffabbcc9b6b393498fd5a51f078e26e, type: 2}
  - {fileID: 158004, guid: 6ffabbcc9b6b393498fd5a51f078e26e, type: 2}
  - {fileID: 158004, guid: 6ffabbcc9b6b393498fd5a51f078e26e, type: 2}
  - {fileID: 158004, guid: 6ffabbcc9b6b393498fd5a51f078e26e, type: 2}
  - {fileID: 158004, guid: 6ffabbcc9b6b393498fd5a51f078e26e, type: 2}
  - {fileID: 158004, guid: 6ffabbcc9b6b393498fd5a51f078e26e, type: 2}
  SpikeF: {fileID: 145698, guid: 37b47a4364284e643b6efca6c7069e80, type: 2}
  spacing: 10
  pos: {x: 0, y: 0, z: 0}
  c: {fileID: 0}
  begin: 0
  end: 1
  difficulty: 20
  xpos: 0
  n: 0
  switchdist: 2
  originalswitchd: 2
  transitioning: 0
--- !u!1001 &100100000
Prefab:
  m_ObjectHideFlags: 1
  serializedVersion: 2
  m_Modification:
    m_TransformParent: {fileID: 0}
    m_Modifications: []
    m_RemovedComponents: []
  m_ParentPrefab: {fileID: 0}
  m_RootGameObject: {fileID: 183362}
  m_IsPrefabParent: 1
